@inproceedings{DBLP:conf/lfp/Wadler90,
  author    = {Philip Wadler},
  title     = {Comprehending Monads},
  booktitle = {LFP'90},
  pages     = {61--78},
  year      = {1990},
  doi       = {10.1145/91556.91592},
  timestamp = {Sat, 03 Aug 2019 15:23:04 +0200},
  biburl    = {https://dblp.org/rec/bib/conf/lfp/Wadler90},
  bibsource = {dblp computer science bibliography, https://dblp.org}
}

@inproceedings{DBLP:conf/popl/LiangHJ95,
  author    = {Sheng Liang and
               Paul Hudak and
               Mark P. Jones},
  title     = {Monad Transformers and Modular Interpreters},
  booktitle = {POPL'95},
  pages     = {333--343},
  year      = {1995},
  doi       = {10.1145/199448.199528},
  timestamp = {Tue, 06 Nov 2018 11:07:43 +0100},
  biburl    = {https://dblp.org/rec/bib/conf/popl/LiangHJ95},
  bibsource = {dblp computer science bibliography, https://dblp.org}
}

@inproceedings{DBLP:conf/esop/PlotkinP09,
  author    = {Gordon D. Plotkin and
               Matija Pretnar},
  title     = {Handlers of Algebraic Effects},
  booktitle = {ESOP'09},
  pages     = {80--94},
  year      = {2009},
  doi       = {10.1007/978-3-642-00590-9\_7},
  timestamp = {Tue, 14 May 2019 10:00:41 +0200},
  biburl    = {https://dblp.org/rec/bib/conf/esop/PlotkinP09},
  bibsource = {dblp computer science bibliography, https://dblp.org}
}

@article{DBLP:journals/scp/Hughes00,
  author    = {John Hughes},
  title     = {Generalising monads to arrows},
  journal   = {Sci. Comput. Program.},
  volume    = {37},
  number    = {1-3},
  pages     = {67--111},
  year      = {2000},
  doi       = {10.1016/S0167-6423(99)00023-4},
  timestamp = {Wed, 14 Nov 2018 10:21:27 +0100},
  biburl    = {https://dblp.org/rec/bib/journals/scp/Hughes00},
  bibsource = {dblp computer science bibliography, https://dblp.org}
}

@article{DBLP:journals/jfp/McbrideP08,
  author    = {Conor McBride and
               Ross Paterson},
  title     = {Applicative programming with effects},
  journal   = {J. Funct. Program.},
  volume    = {18},
  number    = {1},
  pages     = {1--13},
  year      = {2008},
  doi       = {10.1017/S0956796807006326},
  timestamp = {Fri, 02 Nov 2018 09:31:48 +0100},
  biburl    = {https://dblp.org/rec/bib/journals/jfp/McbrideP08},
  bibsource = {dblp computer science bibliography, https://dblp.org}
}